1669 2631
594 323 797 349 Assnnmos
828 324 903 349 Lm.
938 323 962 350 1.
1362 316 1410 355 27

151 408 204 445 Et
223 416 370 447 torrere
388 419 531 456 parant
549 412 725 449 flaminis
743 420 781 448 et
802 414 983 457 frangere
1001 427 1110 450 saxo.

199 474 354 509 Aeneas
372 475 578 517 scopulum
596 477 746 510 interea
765 476 990 511 conscendit
1009 486 1047 511 et
1066 488 1220 511 omnem
1341 475 1411 510 180

150 533 408 577 Prospectum
426 535 505 570 late
524 535 788 584 pelagopetit.
813 535 971 571 Anthea
991 538 1023 572 si
1041 548 1154 580 quem

150 593 360 630 Jactatum
379 605 499 631 vento
518 596 652 631 videat
673 596 947 640 Phrygiasque
966 598 1142 640 biremes,

151 657 231 689 Aut
252 656 403 700 Capyn,
430 664 500 691 aut
519 657 635 692 celsis
656 659 694 691 in
716 657 910 701 puppibus
937 671 1048 692 arma
1066 659 1187 694 Caici.

151 716 304 752 Navem
325 720 363 752 in
382 729 596 762 conspectu
615 719 778 759 nullam,
799 727 879 754 tres
898 719 1012 755 litore
1023 731 1166 756 ,cervos

150 778 349 822 Prospicit
366 786 545 815 errantes
563 792 570 825 3
602 779 675 815 hos
694 784 781 815 tota
799 789 981 816 armenta
999 787 1216 824 sequuntur
1343 779 1414 814 185

150 841 186 875 A
204 849 326 885 terg0‚
349 848 389 877 et
407 841 571 885 longum
590 854 657 885 per
676 841 801 877 valles
820 844 998 886 pascitur
1017 854 1170 886 agmen.

151 902 344 938 Constitit
362 903 437 947 hic,
463 915 671 948 arcumque
690 916 810 938 manu
829 904 1044 948 celeresque
1069 907 1241 948 sagittas

152 963 363 1008 Corripuit,
389 964 492 999 fidus
511 976 610 1008 quae
631 965 709 999 tela
729 964 887 1008 gerebat
908 965 1105 1010 Achates;

151 1024 418 1069 Ductoresque
437 1027 542 1069 ipsos
561 1027 744 1069 primum,
768 1028 902 1069 capita
921 1026 1003 1061 alta
1024 1027 1190 1061 ferentes

151 1086 346 1122 Cornibus
365 1086 550 1130 arboreis,
576 1090 731 1129 sternit,
757 1094 842 1122 tum
860 1088 1015 1131 vulgus,
1039 1098 1077 1123 et
1097 1100 1250 1123 omnem
1344 1088 1414 1122 190

150 1147 290 1184 Miscet
309 1160 431 1192 agens
449 1149 541 1184 telis
560 1161 721 1185 nemora
744 1151 843 1185 inter
864 1150 1027 1185 frondea
1046 1150 1203 1185 turbam
1221 1163 1228 1193 3

151 1209 230 1244 Nec
250 1211 357 1253 prius
377 1209 548 1253 absistit,
573 1223 691 1254 quam
713 1219 859 1253 septem
880 1213 1058 1253 ingentia
1076 1214 1204 1246 victor

152 1270 325 1314 Corpora
346 1271 488 1306 fundat
508 1272 618 1306 humi
638 1281 675 1307 et
697 1285 903 1307 numerum
922 1284 1010 1307 curn
1030 1274 1200 1308 navibus
1219 1280 1369 1317 aequet.

151 1331 258 1366 Hinc
275 1340 433 1375 portum
452 1335 562 1376 petit,
586 1338 624 1368 et
644 1335 772 1368 socios
792 1336 964 1376 partitur
982 1337 1022 1368 in
1042 1346 1186 1370 omnes.

155 1392 268 1437 Vina,
292 1392 420 1429 bonus
438 1405 538 1436 quae
557 1392 695 1428 deinde
714 1393 823 1427 cadis
843 1401 1026 1429 onerarat
1048 1396 1208 1430 Acestes
1346 1395 1415 1429 195

151 1453 286 1489 Litore
302 1455 511 1489 Trinacrio
530 1453 764 1498 dederatque
783 1454 1019 1490 abeuntibus
1038 1456 1161 1499 heros,

152 1514 317 1558 Dividit,
339 1519 378 1550 et
396 1514 517 1551 dictis
536 1517 754 1551 maerentia
773 1523 930 1559 pectora
949 1516 1092 1552 mulcet
1107 1530 1143 1553 ε..
1402 1514 1485 1563 *ἦ
1527 1541 1538 1546 -

159 1582 166 1596 ‘
179 1576 212 1612 Ο
239 1578 510 1621 socii—neque
528 1578 633 1613 enim
652 1578 780 1620 ignari
803 1590 939 1612 sumus
958 1585 1051 1613 ante
1072 1579 1316 1613 malorum—

153 1638 185 1674 Ο
204 1641 313 1682 passi
331 1641 528 1682 graviora,
553 1638 663 1674 dabit
683 1638 779 1674 deus
798 1639 861 1675 his
880 1651 1027 1684 quoque
1044 1640 1172 1676 finem.

155 1700 232 1736 Vos
249 1709 288 1735 et
307 1701 529 1744 Scyllaeam
546 1700 696 1736 rabiem
715 1703 946 1745 penitusque
964 1708 1152 1737 sonantes
1345 1703 1417 1736 ‘200

154 1763 331 1814 Accestis
350 1762 543 1806 scopulos,
569 1751 642 1798 vos
659 1772 697 1798 et
717 1763 905 1806 Cyclopia
924 1776 1022 1813 saxa

153 1825 334 1869 Experti:
365 1835 548 1861 revocate
567 1828 734 1869 animos,
758 1834 1029 1870 maestumque
1052 1828 1233 1862 timorem

154 1886 303 1922 Mittite
321 1899 328 1931 ;
358 1887 495 1922 forsan
515 1893 554 1922 et
574 1888 669 1922 haec
689 1887 783 1922 olim
802 1890 1030 1923 meminisse
1047 1887 1216 1931 juvabit.

154 1948 229 1984 Per
247 1951 380 1984 varios
399 1941 528 1992 casus,
552 1961 618 1993 per
637 1954 697 1983 tot
715 1949 950 1984 discrimina
967 1962 1100 1985 rerum

153 2009 367 2046 Tendimus
388 2012 427 2044 in
446 2010 621 2053 Latium,
647 2010 757 2061 sedes
776 2009 842 2044 ubi
862 2010 948 2045 fata
965 2013 1119 2054 quietas
1346 2011 1419 2045 ‘205

155 2070 404 2115 Ostendunt3
435 2071 517 2105 illic
537 2072 599 2106 fas
618 2083 741 2114 regna
760 2083 959 2117 resurgere
976 2071 1126 2116 Trojae.

156 2130 315 2174 Durate,
339 2140 377 2167 et
395 2136 552 2168 vosmet
569 2125 687 2168 rebus
706 2138 863 2168 servate
883 2132 1094 2169 secundis.’

203 2194 318 2229 Talia
336 2205 431 2229 voce
449 2194 580 2247 ref-ert,
605 2196 785 2238 curisque
805 2194 1033 2238 ingentibus
1052 2207 1164 2237 aeger

157 2255 270 2298 Spem
287 2257 403 2305 vultu
424 2255 598 2307 simplat,
622 2258 762 2299 premit
784 2256 909 2290 altum
927 2256 1041 2291 corde
1058 2255 1243 2292 dolorem.

159 2315 220 2350 Illi
241 2328 285 2351 se
300 2316 466 2359 praedae
485 2318 697 2359 accingunt
720 2316 961 2360 dapibusque
979 2317 1126 2352 suturis
1143 2330 1149 2351 :
1348 2316 1419 2350 210
1457 2337 1462 2340 -
