1669 2631
292 231 342 266 34
672 237 852 262 mxl-mou
858 237 1005 262 LATION
1036 235 1168 260 LATIN.

291 326 596 371 Ambrosiaeque
612 338 746 362 comae
763 326 944 361 divinum
963 328 1110 362 vertice
1126 326 1284 361 odorem
1619 368 1623 373 1

293 388 508 431 Spiravere‚
532 387 647 431 pedes
666 389 790 423 vestis
809 386 974 422 defluxit
993 387 1044 422 ad
1062 389 1174 431 imos,
1578 366 1661 463 sslf

292 450 343 484 Et
362 461 456 484 vera
473 450 630 484 incessu
650 450 782 492 patuit
801 448 883 484 dea.
940 448 1014 484 Ille
1034 447 1100 482 ubi
1118 452 1288 483 matrem
1491 444 1562 476 405

293 511 480 554 Agnovit,
503 510 578 545 tali
596 510 817 553 fugientem
835 515 896 545 est
915 521 1011 545 voce
1029 515 1188 552 secutus
1203 522 1210 545 ε

300 571 422 614 ‘Quid
443 577 582 606 natum
601 573 760 615 totiens,
785 571 955 607 crudelis
973 579 1019 606 tu
1044 583 1204 615 quoque,
1227 570 1343 606 falsis

293 633 418 667 Ludis
437 632 708 676 imaginibus?
735 644 805 667 cur
824 633 988 668 dextrae
1005 632 1166 676 jungere
1185 632 1369 667 dextram

294 694 382 728 Non
400 693 530 737 datur,
555 705 600 728 ac
621 705 736 729 veras
754 694 890 729 audire
907 700 946 730 et
963 693 1122 730 reddere
1138 693 1306 728 voces?’
1644 688 1669 718 ⁴⁴⁴

293 755 454 790 Talibus
472 757 642 798 incusat,
667 768 919 800 gressumque
936 755 986 791 ad
1005 757 1160 790 moenia
1179 754 1322 794 tendit..
1489 753 1563 788 410
1595 744 1669 781 ιν*

294 819 348 852 At
370 817 500 853 Venus
518 817 685 852 obscuro
703 817 932 860 gradientes
951 829 1038 852 aere
1055 818 1215 860 saepsit,
1667 804 1669 809 ¹

294 880 346 914 Et
366 879 491 914 multo
509 878 675 914 nebulae
692 881 843 914 circum
861 879 934 915 dea
954 879 1057 914 fudit
1085 881 1244 923 amictu,

295 942 460 976 Cernere
478 952 525 975 ne
543 943 630 991 quis
648 952 726 984 eos,
751 953 826 976 neu
844 943 933 985 quis
951 943 1179 985 contingere
1197 946 1342 985 posset,

296 1003 480 1037 Molirive
498 1014 660 1045 moram,
686 1009 756 1038 aut
774 1002 959 1038 veniendi
979 1014 1136 1046 poscere
1152 1013 1312 1039 causas.

296 1065 390 1108 Ipsa
408 1064 592 1107 Paphum
610 1064 792 1100 sublimis
811 1064 905 1107 abit,
929 1064 1114 1108 sedesque
1131 1065 1272 1099 revisit
1491 1060 1566 1096 415

297 1126 422 1160 Laeta
441 1137 547 1169 suas,
571 1124 638 1159 ubi
658 1125 849 1169 templum
868 1126 939 1169 illi,
964 1130 1200 1169 centumque
1218 1123 1366 1160 Sabaeo
1390 1123 1392 1126 ’

296 1187 398 1222 Ture
414 1187 544 1222 calent
564 1199 667 1229 arae,
693 1189 887 1231 sertisque
904 1187 1127 1223 recentibus
1147 1187 1301 1221 halant.

347 1248 578 1292 Corripuere
596 1250 706 1283 viam
726 1250 888 1289 interea,
911 1261 990 1293 qua
1009 1250 1153 1284 semita
1171 1251 1384 1292 monstrat.

298 1309 467 1354 Jamque
484 1309 751 1345 ascendebant
769 1311 918 1355 collem,
943 1312 1008 1355 qui
1026 1295 1221 1354 plurimus
1239 1308 1328 1343 urbi

298 1372 495 1415 Imminet,
521 1372 786 1416 adversasque
803 1378 982 1416 aspectat
1003 1372 1171 1415 desuper
1189 1383 1312 1407 arces.
1494 1369 1568 1404 420

299 1433 630 1468 Miraturmolem
650 1434 817 1472 Aeneas,
839 1434 1015 1487 magalia
1034 1433 1246 1477 quondam,

298 1495 470 1530 Miratur
489 1505 624 1538 portas
643 1484 931 1540 strepitumque
948 1500 986 1531 et
1006 1501 1137 1531 strata
1155 1496 1341 1537 viarum.-

301 1556 460 1591 Instant
479 1556 662 1592 ardentes
683 1558 807 1600 Tyrii,
832 1569 925 1601 pars
943 1556 1083 1592 ducere
1100 1568 1246 1599 muros,

300 1618 506 1661 Molirique
523 1630 651 1653 arcem
669 1628 707 1654 et
726 1618 913 1654 manibus
933 1618 1166 1653 subvolvere
1183 1613 1294 1660 saka,

300 1679 400 1714 Pars
418 1687 555 1722 optare
572 1680 700 1715 locum
718 1686 823 1715 tecto
841 1688 879 1714 et
899 1679 1131 1714 concludere
1149 1679 1278 1723 sulco;
1494 1676 1568 1712 425

299 1740 400 1775 Jura
418 1743 756 1786 magistratusque
775 1742 922 1785 legunt,
947 1749 1206 1785 sanctumque
1223 1745 1409 1776 senatum
1427 1752 1435 1784 ;

300 1801 377 1835 Hic
395 1809 532 1843 portus
551 1802 619 1837 alii
636 1802 854 1846 effodiunt;
884 1801 950 1836 hic
970 1802 1054 1837 alta
1073 1802 1244 1837 theatris

300 1862 575 1898 Fundamenta
593 1864 726 1898 locant
746 1864 828 1907 alii,
852 1864 1119 1907 immanesque
1137 1863 1343 1897 columnas

298 1923 482 1968 Rupibus
499 1925 700 1969 excidunt,
725 1927 880 1960 scaenis
898 1924 1038 1959 decora
1058 1924 1142 1959 alta
1161 1924 1320 1959 futuris.

225 1974 437 2042 Qualis
456 1997 548 2028 apes
567 1992 720 2021 aestate
739 1997 844 2020 nova
863 1997 928 2032 per
946 1983 1067 2020 florea
1085 1997 1179 2020 rura
1492 1983 1567 2017 430
1586 1976 1643 2011 ὁ)

298 2047 462 2082 Exercet
480 2047 553 2083 sub
572 2048 653 2083 sole
670 2048 791 2091 labor,
814 2059 906 2082 cum
925 2049 1056 2090 gentis
1074 2046 1234 2082 adultos

298 2107 486 2143 Educunt
504 2109 620 2153 fetus,
644 2116 712 2144 aut
732 2122 823 2144 cum
840 2109 1034 2153 liquentia
1052 2109 1175 2155 nie—1⁴12.

298 2168 455 2212 Stipant
474 2176 513 2205 et
532 2169 637 2205 dulci
656 2170 891 2206 distendunt
909 2174 1068 2205 nect-are
1086 2170 1217 2213 cellas,

296 2229 378 2264 Aut
395 2242 515 2267 onera
533 2233 733 2275 accipiunt
753 2233 993 2274 venientum,
1017 2237 1087 2266 aut
1105 2233 1263 2275 agmine
1283 2228 1388 2266 facto
