1669 2631
1 1869 59 1964 ’7

543 299 743 325 AFNmDos
774 300 849 324 LIB.
884 300 908 324 1.
1308 291 1357 327 33

93 388 318 432 Suspirans‚
341 388 495 431 imoque
512 386 677 422 trahens
695 400 717 422 a
736 394 892 431 pectore
909 400 1045 423 vocem
1062 400 1070 423 :

99 448 151 484 ‘O
170 448 253 492 dea,
277 448 312 484 si
330 450 457 492 prima
476 455 652 492 repetens
672 448 721 483 ab
739 451 892 491 origine
909 461 1080 493 pergam,

92 509 145 545 Et
162 515 276 545 vacet
295 509 459 544 annales
478 514 705 545 nostrorum
724 509 860 544 audire
877 510 1069 553 laborum,

91 570 196 605 Ante
214 570 318 605 diem
337 570 473 605 clauso
492 578 701 614 componat
722 571 867 614 Vesper
887 570 1070 614 Olympo.

92 630 173 665 Nos
190 629 309 674 Troja
334 632 511 674 antiqua,
535 633 567 666 si
588 637 744 666 vestras
764 631 864 665 forte
884 643 948 674 per
967 642 1080 666 aures
1283 632 1353 667 375

91 691 231 734 'Projae
248 703 390 726 nomen
408 693 467 733 iit,
492 691 651 727 diversa
669 704 736 735 per
755 704 922 735 aequora
940 699 1073 727 vectos

93 752 210 788 Forte
228 764 301 788 sua
320 752 482 795 Libycis
502 757 717 796 tempestas
736 753 890 796 appulit
910 755 1000 787 oris.

92 813 186 848 Sum
204 815 292 857 pius
311 814 475 855 Aeneas,
500 819 638 857 raptos
657 815 723 857 qui
741 825 789 848 ex
810 814 924 849 hoste
942 814 1113 849 Penates
1134 846 1137 852 ἡ

92 874 228 910 Classe
245 874 347 909 veho
364 886 528 917 mecum,
553 875 661 909 fama
681 886 795 918 super
814 876 975 909 aethera
994 880 1125 910 notus.

91 935 252 970 Italiam
269 947 411 979 quaero
432 938 601 978 patriam
619 940 657 971 et
676 947 799 979 genus
818 936 867 970 ab
886 935 986 970 Jove
1005 948 1170 972 summo,
1282 937 1354 971 380

91 997 160 1032 Bis
178 996 288 1032 denis
307 997 531 1040 Phrygium
550 996 764 1032 conscendi
783 997 954 1032 navibus
973 1009 1127 1041 aequor,

91 1057 219 1094 Matre
236 1057 308 1094 dea
327 1063 576 1094 monstrante
593 1060 712 1103 viam⁷
737 1058 834 1093 data
853 1059 940 1093 fata
959 1063 1116 1093 secutus
1135 1071 1142 1102 ;

92 1119 169 1155 Vix
187 1126 335 1164 septem
353 1120 568 1155 convulsae
584 1114 702 1156 undis
721 1120 901 1164 Euroque
927 1128 1150 1163 supersunt.

92 1181 179 1225 Ipse
196 1183 367 1225 ignotus⁷
390 1193 518 1225 egens,
543 1181 693 1224 Libyae
711 1181 865 1216 deserta
885 1193 1059 1225 peragrQ

91 1243 249 1286 Europa
268 1249 384 1286 atque
402 1243 500 1278 Asia
520 1243 684 1286 pulsus)
736 1243 815 1278 Nec
834 1239 948 1286 plura
966 1248 1193 1286 querentem
1283 1242 1355 1277 385

91 1303 217 1340 Passa
238 1303 369 1339 Venus
388 1303 515 1339 medio
535 1306 592 1339 sic
612 1304 805 1339 interfata
824 1303 957 1339 dolore
974 1312 1034 1339 est
1053 1316 1060 1339 :
1345 1337 1378 1341 m

146 1365 357 1411 ‘Quisquis
374 1379 427 1408 es,
451 1366 569 1410 haud,
593 1365 717 1410 credo,
742 1367 896 1401 invisus
914 1366 1152 1401 caelestibus
1171 1379 1289 1402 auras

93 1427 244 1463 Vitales
262 1429 404 1472 carpis‚
428 1428 593 1470 Tyriam
611 1429 678 1471 qui
696 1427 901 1462 adveneris
919 1427 1066 1462 urbem.

91 1489 213 1532 Perge
231 1489 358 1534 modo,
383 1494 499 1533 atque
518 1489 611 1524 hinc
631 1495 670 1524 te
688 1491 848 1530 reoinae
865 1488 916 1524 ad
934 1489 1074 1523 limina
1094 1501 1159 1532 per
1165 1489 1233 1524 fer.

92 1549 267 1594 Namque
283 1549 359 1584 tibi
375 1549 534 1585 reduces
553 1551 680 1585 socios
698 1549 938 1592 classemque
955 1550 1125 1584 lelatam
1283 1549 1354 1584 390

93 1611 255 1653 Nuntio,
278 1615 317 1646 et
334 1612 376 1645 in
394 1616 528 1646 tutum
546 1613 671 1646 versis
690 1610 941 1654 aquilonibus
959 1616 1103 1653 actam,

93 1672 144 1706 Ni
160 1672 312 1708 frustra
331 1674 540 1714 augurium
559 1674 655 1707 vani
674 1671 837 1707 docuere
854 1677 1052 1715 parentes.

84 1734 234 1776 xAspice
250 1733 311 1769 bis
329 1745 442 1768 senos
461 1733 656 1768 laetantes
682 1734 840 1774 agmine
858 1745 1016 1775 cycnos,

71 1795 280 1830 .Aetheria
297 1806 395 1839 quos
412 1794 526 1838 lapsa
545 1795 665 1838 plaga
684 1793 800 1830 Jovis
819 1794 901 1830 ales
919 1806 1011 1838 aper
1015 1800 1056 1828 to

92 1855 293 1890 Turbabat
310 1856 445 1899 caelo3
474 1867 579 1890 nunc
598 1860 727 1890 terras
746 1854 882 1890 ordine
899 1855 1019 1898 longo
1282 1855 1355 1889 395

93 1918 175 1952 Aut
193 1928 340 1962 capere,
364 1924 436 1952 aut
453 1923 593 1960 captas
612 1917 693 1960 jam
712 1916 937 1960 despectam
954 1916 1140 1951 videntur
1158 1929 1164 1951 :

95 1977 150 2027 Ut
166 1977 327 2013 reduces
345 1977 403 2012 illi
420 1977 567 2024 ludunt
585 1977 847 2013 stridentibus
866 1977 953 2021 alis,

93 2038 145 2074 Et
161 2044 275 2074 coetu
292 2040 449 2074 cinxere
467 2039 612 2083 polum,
636 2042 853 2082 cantusque
872 2038 1020 2081 dedere,

94 2097 211 2133 Haud
229 2098 343 2134 aliter
361 2111 584 2143 puppesque
601 2103 694 2133 tuae
711 2098 906 2148 pubesque
922 2105 1081 2134 tuorum

95 2159 175 2194 Aut
192 2164 349 2201 portum
367 2164 485 2202 tenet,
509 2166 580 2194 aut
598 2160 711 2203 pleno
730 2159 837 2195 subit
855 2162 961 2195 ostia
979 2160 1078 2195 velo„
1283 2159 1355 2193 400

95 2218 215 2263 Perge
231 2220 358 2264 modo,
381 2225 431 2263 et,
453 2233 530 2263 qua
549 2225 588 2256 te
605 2220 714 2255 ducit
731 2223 809 2264 via,
834 2220 960 2264 dirige
976 2222 1185 2264 gressum.⁷

142 2281 263 2324 Dixit,
282 2288 321 2316 et
338 2284 523 2319 avertens
541 2293 654 2319 rosea
671 2283 822 2318 cervice
839 2281 1007 2320 refulsit.
