1669 2631
620 304 822 330 AENEIDOS
853 302 929 327 Lm.
964 301 988 326 1.
1388 284 1438 321 29

175 384 358 428 Illyricos
376 391 580 429 penetrare
598 388 721 429 sinus⁷
747 394 862 430 atque
879 387 1023 421 intima
1042 390 1155 420 tutus

175 445 314 490 Regna
331 447 599 482 Liburnorum
616 456 655 483 et
674 448 825 483 fontem
846 460 1028 491 superare
1045 447 1212 489 Timavi,

176 506 291 544 Unde
309 520 373 551 per
392 520 461 543 ora
480 521 622 544 novem
641 518 757 545 vasto
776 521 866 544 cum
885 520 1087 543 murmure
1105 509 1254 543 montis
1370 507 1440 541 245

177 568 215 604 It
233 581 342 604 mare
359 575 592 614 proruptum
611 579 649 605 et
668 571 808 614 pelago
827 572 968 614 premit
983 581 1081 604 arva
1101 571 1278 615 sonanti..

176 624 254 665 Hic
271 638 405 666 tamen
424 631 490 667 ille
508 631 645 667 urbem
665 632 811 667 Patavi
830 631 1015 676 sedesque
1034 631 1183 665 locavit

176 692 427 736 Teucrorum,
447 698 486 728 et
505 695 612 735 genti
633 705 773 728 nomen
794 693 911 728 dedit.
937 704 1123 736 armaque
1140 692 1228 729 fixit

177 753 305 796 Troia,
330 765 434 788 nuno
453 753 610 797 placida
629 763 855 798 compostus
875 766 967 798 pace
986 756 1153 798 quiescit
1170 766 1176 788 :

178 815 271 858 Nos,
295 824 365 850 tua
384 817 599 858 progenies,
623 817 721 851 caeli
739 817 881 859 quibus
908 815 1054 851 adnuis
1073 827 1212 859 arcein,
1371 815 1442 849 <250

179 875 620 911 Navibus—infandum
639 877 872 919 !—a1nissis‚
898 879 1019 911 unius
1039 875 1087 910 ob
1106 878 1207 911 iram

180 936 404 979 Prodimur‚
429 945 545 981 atque
565 937 680 973 Italis
701 939 816 979 longe
835 937 1105 981 disjungimur
1125 939 1216 973 oris.

180 998 258 1033 Hic
276 995 437 1042 pietatis
457 999 582 1034 honos
599 999 616 1033 ἶ)
668 1000 731 1035 Sic
749 1011 821 1034 nos
841 1001 882 1033 in
902 1006 1057 1042 sceptra
1076 999 1262 1042 reponis?

214 1059 308 1109 -Qli
327 1050 535 1096 subridens
554 1060 758 1095 hominum
777 1065 886 1096 sator
905 1068 1020 1104 atque
1037 1060 1208 1103 deorum,
1260 1077 1294 1086 -

182 1121 318 1165 Vultu,
340 1133 416 1165 quo
433 1122 584 1157 caelum
604 1117 933 1166 tempestatesque
952 1130 1119 1165 serenat³
1376 1120 1446 1155 955

182 1181 328 1218 Oscula
345 1181 492 1217 libavit
507 1190 637 1226 natae,
663 1183 805 1219 dehinc
825 1183 924 1218 talia
942 1183 1052 1218 fatur
1067 1195 1074 1217 :

188 1247 196 1263 ‘
210 1243 335 1278 Parce
351 1237 468 1285 niem,
493 1243 689 1286 Cytherea
706 1257 712 1287 ;
744 1252 903 1279 manent
927 1245 1091 1278 immota
1110 1251 1270 1278 tuorum

183 1305 286 1340 Fata
301 1304 400 1348 tibi;
430 1316 564 1341 cernes
582 1306 716 1341 urbem
735 1314 773 1341 et
792 1308 988 1349 promissa
1007 1305 1151 1340 Lavini

183 1366 350 1409 Moenia7
375 1366 658 1411 sublimemque
677 1367 777 1402 feres
795 1366 845 1402 ad
865 1366 993 1402 sidera
1013 1366 1111 1401 caeli

183 1427 487 1472 Magnanimum
505 1428 666 1463 Aenean
683 1441 689 1472 ;
720 1440 841 1472 neque
859 1440 920 1463 me
938 1429 1135 1463 sententia
1153 1429 1287 1462 vertit.
1376 1426 1448 1461 <260

185 1489 262 1524 Hic
278 1488 519 1523 tibi—fabor
536 1492 653 1529 enim,
677 1489 834 1534 quando
853 1489 951 1524 haee
971 1498 1008 1523 te
1025 1501 1121 1523 cura
1140 1488 1345 1532 remordet,

185 1548 363 1591 Longius
380 1556 418 1582 et
437 1540 601 1583 volvens
622 1549 799 1583 fatorur'n
821 1560 966 1582 aroana
987 1548 1198 1582 movebo——

185 1609 338 1644 Bellum
357 1609 497 1651 ingens
515 1618 622 1652 geret
640 1609 772 1644 Italia.
800 1609 1038 1652 populosque
1057 1609 1203 1644 seroces

186 1669 423 1713 contundet,
450 1682 652 1714 moresque
670 1671 770 1705 viris
787 1675 826 1705 et
845 1672 1000 1705 moenia
1019 1677 1147 1713 ponet.

185 1731 319 1766 Tertia
337 1730 433 1765 dum
449 1731 567 1766 Latio
586 1738 819 1775 regnantem
837 1731 981 1766 viderit
1002 1739 1146 1773 aestas,
1379 1729 1451 1764 265

185 1792 386 1835 ‘remaque
405 1795 640 1827 transierint
659 1792 823 1827 Rutulis
843 1791 1007 1827 hiberna
1026 1792 1214 1827 subactis.
1239 1820 1271 1836 q„

187 1856 242 1889 At
259 1865 353 1898 puer
371 1854 580 1894 Ascanius,
605 1856 668 1888 oui
690 1865 794 1888 nunc
813 1865 1031 1897 cognomen
1050 1853 1137 1887 Iulo

187 1915 369 1959 Additur,
381 1915 512 1950 —Ilus
529 1921 626 1950 erat,
650 1914 746 1949 dum
766 1926 827 1949 res
847 1916 960 1949 stetit
978 1914 1054 1948 Ilia
1072 1925 1243 1956 regno—

186 1976 369 2019 Triginta
387 1987 555 2019 magnos
573 1975 780 2011 volvendis
798 1975 999 2010 mensibus
1018 1974 1130 2010 orbes

187 2038 356 2082 Imperio
371 2037 555 2081 explebit,
578 2048 819 2080 regnumque
838 2036 887 2071 ab
906 2036 995 2071 sede
1008 2036 1155 2072 Lavini
1379 2034 1452 2069 270

188 2099 426 2141 Transferet,
449 2104 487 2134 et
507 2098 667 2142 longam
692 2097 817 2132 multa
838 2099 878 2131 vi
898 2099 1049 2133 muniet
1068 2097 1226 2132 Albam.

189 2159 264 2194 Hic
282 2160 364 2204 jam
382 2166 442 2195 ter
460 2166 618 2194 centum
637 2164 742 2194 totos
761 2158 993 2201 regnabitur
1012 2169 1138 2193 annos

189 2219 314 2257 Gente
331 2221 404 2257 sub
422 2220 630 2261 Hectorea,
655 2219 777 2254 donee
797 2221 935 2264 regina
955 2219 1149 2262 sacerdos,
1168 2244 1175 2250 ,

190 2283 317 2318 Marte
334 2284 483 2326 gravis,
506 2283 707 2325 geminam
725 2287 844 2323 partu
864 2279 975 2315 dabit
995 2280 1072 2315 Ilia
1093 2271 1250 2324 nrolem.
