1669 2631
283 241 332 276 22
662 248 995 276 MATmCULATmN
1027 245 1159 273 LATm.

284 335 518 378 Progeniem
538 334 604 371 sed
623 317 729 369 enim
747 334 922 378 Trojano
942 347 964 369 a
983 336 1178 378 sanguine
1195 333 1287 369 duci

284 397 490 440 Audierat,
514 397 658 439 Tyrias
677 396 772 430 olim
790 408 890 440 quae
908 401 1079 431 verteret
1100 407 1233 442 arces;

285 457 390 492 Hinc
406 458 597 502 populum
616 457 698 492 late
715 468 847 500 rogem
867 457 1043 502 belloque
1063 457 1274 500 superbum

288 519 507 554 Venturum
524 518 679 554 excidio
697 518 848 561 Libyae
864 531 871 553 :
902 521 959 554 sic
978 519 1137 564 volvere
1153 518 1317 554 Parcas.

286 579 331 615 Id
349 590 539 623 metuens,
564 583 783 623 veterisque
801 592 948 614 memor
967 580 1158 615 Saturnia
1176 580 1279 624 belli,

286 643 422 676 Prima
440 641 545 686 quod
564 641 614 676 ad
631 641 792 684 Trojam
812 653 883 686 pro
901 643 1007 677 caris
1026 650 1203 684 gesserat
1221 642 1342 685 Argis

286 703 463 738 Necdum
480 706 603 738 etiam
618 715 762 739 causae
780 706 932 738 irarum
948 705 1132 747 saevique
1147 703 1300 739 dolores

286 763 529 799 Exciderant
549 768 684 798 animo
703 776 710 799 z
741 771 877 799 manet
897 764 981 798 alta
1000 773 1131 799 niente
1147 772 1348 807 repostum

286 824 492 860 Judioium
510 824 670 860 Paridis
689 833 918 869 spretaeque
943 824 1093 868 injuria
1120 825 1283 868 formae,

288 888 339 922 Et
357 899 481 931 genus
499 887 685 929 invisum,
710 896 748 922 et
769 889 875 931 rapti
894 886 1140 929 Ganymedis
1158 887 1378 926 honores?—

287 948 364 984 His
382 960 549 997 accensa
567 961 694 992 super,
719 948 894 992 jactatos
912 959 1078 992 aequore
1095 955 1180 983 toto

287 1010 423 1051 Troas,
447 1010 635 1054 reliquias
650 1001 839 1044 'Danaum
857 1018 975 1054 atque
991 1011 1159 1045 immitis
1177 1009 1340 1053 Achilli,

289 1061 460 1107 Arcebat,
478 1072 596 1113 longe
613 1071 744 1116 Latio,
768 1071 998 1117 vmultosque
1016 1083 1083 1115 per
1101 1082 1228 1106 annos

289 1133 501 1176 Errabant,
525 1134 606 1168 acti
626 1133 735 1177 fatis,
759 1135 888 1168 maria
906 1134 1041 1168 omnia
1059 1134 1219 1168 circum.

288 1188 442 1230 Tantae
460 1195 578 1230 molis
595 1202 680 1230 erat
699 1194 930 1229 Romanam
947 1194 1113 1229 condere
1130 1203 1309 1238 gentem*

340 1255 418 1291 Vix
434 1268 455 1291 e
472 1262 686 1299 conspectu
706 1256 860 1291 Siculae
878 1255 1035 1291 telluris
1052 1257 1093 1290 in
1114 1255 1240 1290 altum

288 1317 386 1353 Vela
403 1316 554 1358 dabant,
571 1317 678 1361 laeti,
701 1322 740 1352 eb
759 1329 922 1361 spumas
941 1317 1038 1352 salis
1055 1329 1144 1352 aere
1162 1316 1340 1360 ruebant⁷

290 1379 389 1414 Cum
407 1378 526 1422 Juno,
551 1384 757 1414 aeternum
776 1390 943 1414 servans
963 1377 1038 1413 sub
1054 1384 1210 1422 pectore
1225 1378 1383 1420 vulnus,

290 1439 399 1475 Haec
418 1452 553 1475 secum
568 1452 575 1475 :
615 1440 744 1488 ‘Mene
760 1441 919 1484 incepto
937 1439 1128 1474 desistere
1145 1440 1308 1482 victam,

292 1502 368 1537 Nec
386 1513 501 1546 posse
518 1501 642 1536 Italia
658 1500 899 1536 Teucrorum
917 1509 1094 1536 avertere
1109 1513 1240 1551 regem
1254 1500 1271 1535 ⁶?

291 1564 440 1607 Quippe
456 1570 569 1598 vetor
586 1563 698 1598 fatis.
753 1563 942 1608 Pallasne
958 1574 1120 1598 exurere
1136 1562 1304 1597 classem

290 1627 497 1668 Argivum,
522 1633 639 1668 atque
656 1626 766 1668 ipsos
784 1627 918 1669 potuit
936 1624 1184 1667 submergere
1202 1628 1334 1667 ponto,

290 1687 420 1722 Unius
438 1686 488 1721 ob
505 1699 653 1721 noxam
670 1695 709 1722 et
729 1687 857 1722 furias
874 1686 1011 1730 Ajacis
1030 1685 1126 1721 Oilei
1141 1685 1158 1720 ⁴?

289 1748 394 1792 Ipsa,
426 1747 544 1784 Jovis
562 1747 748 1792 rapidum
766 1747 946 1792 jaculata
963 1759 984 1782 e
1001 1747 1174 1783 nubibus
1191 1749 1334 1790 ignem,

290 1809 530 1853 Disjecitque
545 1816 654 1845 rates
671 1796 889 1853 evertitque
907 1821 1076 1853 aequora,
1095 1809 1237 1852 ventis,

290 1871 410 1906 Ilium
427 1872 700 1915 exspirantem
719 1871 917 1905 transfixo
936 1878 1092 1914 pectore
1108 1863 1295 1904 flammas

288 1933 461 1968 Turbine
477 1935 670 1977 corripuit
690 1933 927 1976 scopuloque
942 1931 1079 1966 infixit
1104 1935 1236 1966 acuto.

290 1995 363 2029 Ast
381 2005 465 2038 ego,
488 2006 587 2037 quae
606 1994 742 2029 divom
759 1993 899 2029 incedo
916 1995 1066 2036 regina,
1091 1991 1282 2036 Jovisque

289 2055 340 2089 Et
360 2067 472 2090 soror
488 2064 528 2090 et
546 2055 733 2099 conjunx,
757 2068 838 2090 una
857 2067 948 2090 cum
966 2061 1085 2098 gente
1100 2058 1162 2089 tot
1179 2065 1308 2089 annos

289 2115 399 2150 Bella
417 2128 520 2159 gero.
576 2116 630 2150 Et
647 2118 858 2160 quisquam
875 2106 1022 2151 numen
1040 2103 1215 2151 Junonis
1233 2114 1375 2150 adorat

289 2176 509 2220 Praeterea,
532 2183 603 2211 aut
621 2177 788 2221 supplex
806 2178 888 2212 aris
905 2178 1082 2220 imponet
1098 2175 1333 2215 honorem?'

336 2238 452 2272 Talia
469 2237 677 2273 flammato
696 2250 828 2274 secum
849 2237 921 2274 dea
939 2237 1056 2273 corde
1072 2237 1263 2274 volutans

1397 397 1551 439 2-‘20

1509 1621 1557 1656 40

1660 2190 1669 2316 „ii—›ss—
1665 2136 1669 2179 hi.
