1669 2631
241 227 296 263 -36
626 235 959 261 MATRICULATION
991 234 1122 259 LA'rIN.

292 323 470 368 Namque
487 323 663 368 videbat,
684 325 744 359 uti
763 323 958 373 bellantes
976 323 1171 367 Pergama
1188 326 1335 359 circum

244 384 331 419 Hac
350 385 530 426 fugerent
550 385 658 429 Grai,
682 373 868 429 premeret
888 385 1063 428 Trojana
1080 385 1279 430 juventus,

242 446 330 481 Hac
349 446 543 490 Phryges,
568 447 736 482 instaret
755 458 881 490 currus
892 449 1085 482 cristatus
1101 446 1291 482 Achilles.

242 508 322 542 Nec
339 507 475 551 procul
493 507 587 542 hinc
605 507 731 544 Rhesi
749 509 878 558 niveis
897 509 1070 543 tentoria
1087 508 1189 543 velis
1211 533 1215 536 -

244 570 439 611 Agnoscit
456 568 687 617 lacrimans,
712 570 840 613 primo
858 581 956 613 quae
974 568 1131 613 prodita
1150 559 1290 605 s‘omno
1437 569 1511 604 470

243 629 415 673 Tydides
433 630 561 665 multa
578 630 768 666 vastabat
785 630 902 666 caede
919 636 1116 675 cruentus,
1268 618 1276 621 .

245 691 515 735 Ardentesque
534 693 682 726 avertit
699 703 818 735 equos
837 683 877 726 in
896 698 1042 735 castra,
1066 693 1294 736 priusquam

243 752 396 787 Pabula
415 758 645 800 gustassent
663 752 804 796 Trojae
822 753 1106 797 Xanthumque
1123 753 1329 789 bibissent.

242 814 362 849 Parte
380 814 469 850 alia
481 815 638 857 fugiens
657 816 818 850 amissis
835 815 994 850 Troilus
1012 817 1146 863 armis,

243 875 390 911 Infelix
407 887 501 920 puer
521 880 638 920 atque
656 877 783 920 impar
802 887 1041 920 congressus
1059 875 1222 920 Achilli,
1437 875 1511 909 475

243 938 384 973 Fertur
401 938 524 982 equis⁷
548 949 743 982 curruque
761 936 898 973 haeret
916 939 1127 982 resupinus
1145 939 1267 980 inani,

242 1000 346 1034 Lora
364 1004 502 1035 tenens
521 1004 655 1034 tamen
670 1012 677 1043 3
709 999 799 1033 huic
820 1001 1028 1043 cervixque
1045 1010 1252 1043 comaeque
1268 999 1487 1034 trahuntur

243 1058 316 1093 Per
334 1063 494 1099 terram,
516 1065 556 1093 et
574 1070 691 1093 versa
710 1058 841 1102 pulvis
860 1057 1092 1093 inscribitur
1109 1058 1240 1093 hasta.

243 1116 399 1152 Interea
418 1115 468 1151 ad
487 1117 677 1160 templum
698 1128 776 1151 non
797 1128 941 1160 aequae
958 1115 1139 1151 Palladis
1157 1116 1270 1150 ibant

243 1178 430 1214 Crinibus
449 1178 595 1214 Iliades
614 1180 755 1222 passis,
781 1179 1013 1222 peplumque
1031 1178 1222 1219 ferebant,
1436 1176 1510 1212 480

243 1240 481 1284 Suppliciter
499 1241 636 1276 tristes
655 1246 693 1275 et
712 1244 855 1275 tunsae
875 1244 1034 1283 pectora
1052 1239 1221 1284 palmis;

244 1301 345 1336 Diva
365 1302 448 1337 solo
467 1300 568 1337 fixos
587 1301 722 1336 oculos
742 1313 884 1337 aversa
902 1301 1072 1337 tenebat.

242 1364 314 1398 Ter
332 1365 481 1398 circum
499 1362 646 1398 Iliacos
664 1367 896 1406 raptaverat
914 1361 1091 1398 Hectora
1109 1374 1256 1406 muros,

244 1425 561 1468 Exanimumque
580 1435 676 1458 auro
694 1436 836 1468 corpus
854 1423 1050 1459 vendebat
1069 1423 1255 1459 Achilles.

243 1487 344 1521 Tum
358 1497 450 1521 vero
468 1487 670 1529 ingentem
688 1487 880 1529 gemitum
899 1484 968 1520 dat
986 1491 1142 1529 pectore
1159 1485 1209 1520 ab
1226 1486 1318 1527 imo,
1435 1482 1510 1518 485

245 1548 300 1584 Ut
320 1547 457 1590 spolia,
482 1552 528 1581 ut
547 1558 698 1586 currus,
722 1552 842 1590 utque
860 1548 990 1589 ipsum
1007 1558 1150 1590 corpus
1176 1547 1307 1589 amici,

243 1608 558 1652 Tendentemque
576 1620 721 1644 manus
739 1608 947 1643 Priamum
967 1609 1170 1651 conspexit
1190 1609 1370 1642 inermes.

245 1672 290 1706 Se
307 1681 458 1714 quoque
476 1668 723 1714 principibus
742 1671 981 1713 permixtum
999 1670 1167 1712 agnovit
1185 1668 1364 1710 Achivis,

243 1733 422 1776 ansque
438 1733 555 1775 acies,
577 1738 616 1766 et
635 1733 737 1774 nigri
759 1731 981 1766 Memnonis
999 1743 1122 1766 arma.

243 1794 362 1828 Ducit
380 1791 671 1828 Amazonidum
690 1792 844 1828 lunatis
863 1793 1025 1835 agmina
1043 1791 1161 1835 peltis
1437 1789 1510 1825 490

242 1853 494 1890 Penthesilea
513 1854 658 1895 furens,
684 1853 900 1898 mediisque
919 1855 959 1888 in
978 1853 1155 1888 millibus
1174 1851 1296 1896 ardet,

245 1918 376 1951 Aurea
393 1914 630 1950 subnectens
649 1924 828 1951 exsertae
845 1914 1006 1958 cingula
1024 1926 1231 1958 mammae,

243 1977 449 2019 Bellatrix‚
474 1976 666 2021 audetque
683 1978 783 2012 viris
801 1987 1034 2011 concurrere
1050 1977 1177 2019 virgo.

293 2037 404 2074 Haec
423 2037 516 2073 dum
536 2037 739 2073 Dardanio
758 2038 913 2073 Aeneae
929 2035 1114 2072 miranda
1132 2036 1328 2081 videntur,

246 2100 348 2134 Dum
367 2104 511 2142 stupet,
534 2098 756 2143 obtutuque
772 2098 908 2134 haeret
927 2097 1078 2133 defixus
1096 2099 1135 2131 in
1156 2108 1245 2141 uno,
1435 2094 1510 2132 495

245 2161 401 2205 Regina
421 2160 471 2195 ad
489 2159 691 2204 templum,
716 2160 845 2195 forma
863 2159 1128 2203 pulcherrima
1147 2159 1260 2200 Dido,

248 2221 427 2265 Incessit,
449 2233 598 2264 magna
616 2220 804 2265 juvenum
823 2219 998 2264 stipante
1012 2224 1185 2256 caterva.
