1669 2631
223 246 274 283 30
601 259 936 285 MATmcULATmN
967 259 1099 285 LATm.

228 343 320 378 Inde
340 344 453 386 lupae
473 343 584 378 fulvo
603 345 774 379 nutricis
793 346 967 388 tegmine
985 345 1115 380 laetus

225 404 418 440 Romulus
435 406 603 448 excipiet
622 413 788 448 gentem,
812 414 848 440 et
870 405 1072 440 Mavortia
1090 405 1234 442 condet

225 465 389 508 Moenia,
415 465 694 510 Romanosque
715 478 785 502 suo
805 466 851 502 de
868 469 1029 502 nomine
1047 467 1164 503 dicet.

225 527 299 562 His
316 539 388 570 ego
409 539 477 562 nec
496 536 624 563 metas
651 540 783 563 rerum
800 540 871 563 nec
891 536 1069 572 tempora
1088 541 1214 572 pono;

226 589 437 631 Imperium
457 591 541 624 sine
558 588 635 624 fine
652 588 755 624 dedi.
811 580 915 632 thn
935 602 1074 634 aspera
1093 590 1212 632 Juno‚

224 649 332 692 Quae
349 662 456 685 mare
475 662 581 685 nunc
600 639 802 694 terrasque
819 645 925 686 metu
945 651 1173 695 caelumque
1192 653 1352 696 fatigat,

223 711 402 747 Consilia
423 713 460 746 in
481 712 621 747 melius
638 712 792 755 referet,
817 724 1048 756 mecumque
1067 712 1219 748 fovebit

223 772 426 808 Romanos
445 785 574 809 rerum
596 774 778 809 dominos
796 782 1028 818 gentemque
1044 782 1241 817 togatam.

221 834 286 869 Sic
304 814 507 878 placitum.
569 835 705 870 Veniet
724 835 865 871 lustris
884 835 1110 871 labentibus
1129 844 1251 878 aetas,

224 896 322 931 Cum
340 895 481 932 domus
501 898 691 932 Assaraci
710 897 904 932 Phthiam
922 897 1127 941 clarasque
1144 898 1335 941 Mycenas

224 958 393 992 Servitio
413 966 569 1002 premet.
595 970 640 994 ac
658 959 780 994 victis
797 958 1071 993 dominabitur
1088 960 1223 1002 Argis.
1346 952 1348 957 ’

224 1019 420 1054 Nascetur
439 1020 609 1063 pulchra
626 1019 826 1063 Trojanus
843 1022 998 1063 origine
1016 1020 1176 1060 Caesar,

224 1081 435 1124 Imperium
457 1080 623 1124 Oceano,
650 1081 799 1115 famam
819 1083 883 1125 qui
908 1080 1096 1118 terminet
1116 1084 1245 1127 astris,

224 1142 374 1191 Julius,x
394 1155 417 1176 a
435 1154 582 1186 magno
602 1142 817 1178 demissum
836 1154 978 1178 nomen
998 1142 1098 1178 Iulo.

224 1203 342 1237 Hunc
362 1212 405 1238 tu
425 1203 521 1238 olim
540 1203 658 1244 caelo,
684 1204 823 1247 spoliis
843 1204 1019 1239 Orientis
1037 1213 1239 1245 onustum,

224 1267 405 1308 Accipies
425 1276 563 1300 secura
582 1278 588 1309 ;
619 1265 829 1300 vocabitur
848 1265 912 1299 hic
930 1276 1083 1309 quoque
1099 1267 1222 1301 votis.

223 1328 376 1370 Aspera
394 1334 480 1361 tum
499 1327 642 1370 positis
661 1334 869 1362 mitescent
887 1326 1045 1361 saecula
1064 1326 1199 1371 bellis3

224 1388 334 1424 Cana
354 1387 482 1430 Fides„
506 1397 543 1423 et
567 1387 695 1431 Vesta,
721 1388 845 1423 Remo
864 1400 954 1422 cum
972 1388 1098 1423 fratre
1114 1387 1321 1431 Quirinus,

224 1450 324 1485 Jura
344 1450 496 1485 dabunt
515 1463 521 1493 3
554 1449 664 1485 dirae
685 1451 788 1485 ferro
805 1460 843 1485 et
863 1449 1122 1494 compagibus
1142 1452 1243 1487 artis

224 1512 468 1549 Claudentur
489 1512 586 1548 Belli
606 1522 742 1556 portae
752 1525 766 1548 .:
797 1512 925 1547 Furor
944 1498 1218 1557 implus'intus

225 1575 350 1611 Saeva
368 1574 507 1610 sedens
527 1586 643 1618 super
662 1587 786 1617 arma,
807 1583 846 1610 et
864 1584 1024 1610 centum
1042 1577 1203 1611 vinctus
1221 1577 1333 1611 aenis

224 1636 322 1671 Post
340 1645 496 1679 tergum
517 1636 643 1677 nodis,
669 1636 807 1671 fremet
826 1635 1014 1672 horridus
1031 1648 1097 1671 ore
1113 1637 1308 1676 cruento.'
1326 1677 1332 1679 α

272 1697 382 1733 Haec
401 1700 470 1739 ait,
493 1708 529 1733 et
550 1697 659 1732 Maia
678 1699 857 1741 genitum
875 1697 1053 1733 demittit
1071 1697 1121 1733 ab
1139 1698 1234 1738 alto,

224 1759 279 1795 Ut
297 1768 434 1801 terrae,
459 1769 577 1803 utque
597 1771 724 1795 novae
742 1767 909 1803 pateant
927 1759 1199 1803 Karthaginis
1218 1771 1328 1795 arces

221 1819 409 1864 Hospitio
426 1821 598 1857 Teucris.
625 1833 672 1856 ne
692 1821 767 1856 fati
786 1822 921 1856 nescia
939 1819 1042 1855 Dido

222 1882 389 1918 Finibus
408 1891 566 1918 arceret.
626 1882 745 1916 Volat
764 1882 830 1917 ille
846 1893 913 1926 per
931 1893 1030 1931 aera
1049 1893 1239 1924 magnum

221 1944 406 1987 Remigio
425 1945 593 1986 alarum,
620 1956 665 1979 ac
684 1944 836 1987 Libyae
854 1946 958 1980 citus
978 1945 1113 1979 astitit
1131 1945 1226 1979 oris.

222 2005 275 2039 Et
292 2005 374 2048 jam
391 2005 504 2048 jussa
524 2006 633 2040 facit.
659 2013 885 2049 ponuntque
904 2004 1051 2040 ferocia
1069 2004 1191 2039 Poeni

222 2065 352 2101 Corda
369 2066 527 2101 volente
545 2066 616 2100 deo
632 2078 639 2109 ;
671 2067 709 2099 in
730 2067 871 2109 primis
889 2067 1033 2108 regina
1045 2067 1221 2108 quietum

222 2128 377 2171 Accipit
397 2129 435 2161 in
455 2127 625 2162 Teucros
645 2128 823 2161 animum
843 2134 1091 2170 mentemque
1107 2126 1333 2169 benignam.

268 2189 321 2222 At
341 2189 428 2231 piu>-
449 2189 611 2230 Aeneas,
637 2199 702 2230 per
720 2194 875 2222 noctem
896 2188 1066 2231 plurima
1083 2187 1259 2231 volvens,

223 2248 276 2284 Ut
295 2249 467 2292 primum
485 2249 554 2284 lux
573 2249 680 2284 alma
699 2247 796 2285 data
813 2256 885 2294 est,
909 2251 1016 2286 exire
1032 2248 1216 2293 locosque

1419 650 1492 687 280

1421 957 1493 994 285

1419 1263 1493 1300 290

1417 1575 1440 1609 Ν.)

1443 1574 1492 1609 ἐξ

1415 1880 1489 1915 300
