1669 2631
570 308 771 333 AENEIDos
802 308 878 334 ΜΒ.
912 308 936 333 1.
1336 296 1385 332 25

119 399 167 434 In
183 401 345 444 puppim
365 399 474 434 ferit:
505 402 706 434 excutitur
726 411 946 443 pronusque
964 403 1156 441 magister
1314 401 1383 434 115

121 460 304 496 Volvitur
321 463 362 495 in
380 465 500 504 caput
518 473 526 506 ;
557 467 621 496 ast
640 461 754 495 illam
773 467 832 496 ter
850 460 996 497 fluctus
1017 462 1160 496 ibidem

117 521 285 565 Torquet
303 533 428 565 agens
446 524 605 566 circum,
629 527 667 557 et
686 521 849 566 rapidus
868 528 985 557 vorat
1004 535 1168 566 aequore
1186 533 1333 557 vertex.

118 583 321 626 Apparent
339 585 422 617 rari
441 590 585 628 Περ-ΕΞ
604 585 645 618 in
664 585 823 626 gurgite
840 590 968 628 vasto,

119 645 241 679 Arma
259 646 404 687 Virum,
428 644 671 688 tabulaeque,
695 650 733 679 et
751 645 868 679 Troia
887 657 987 688 gaza
1005 657 1071 689 per
1089 645 1230 680 undas.

118 704 214 740 Jam
231 704 410 739 validam
428 705 570 740 Ilionei
588 717 742 769 nav-em,
767 705 850 749 jam.
868 706 986 742 fortis
1005 707 1165 749 Achati,
1315 706 1383 740 190

118 766 170 801 Et
188 778 264 810 qua
282 774 421 802 vectus
440 766 559 808 Abas,
584 772 622 802 et
641 779 718 811 qua
737 766 988 810 grandaevus
1007 769 1154 810 Aletes,

119 827 224 862 Vicit
244 828 392 873 hiems;
422 828 527 864 laxis
547 829 719 863 laterum
739 828 999 873 compagibus
1026 841 1161 878 omnes

119 889 331 935 Accipiunt
350 890 556 923 inimicum
574 889 752 932 imbrem,
778 891 968 933 rimisque
988 890 1195 925 fatiscunt.

166 949 323 985 Interea
343 962 488 992 magno
507 952 665 986 misceri
686 963 886 985 murmure
906 957 1080 995 pontum,

118 1010 391 1055 Emissamque
412 1011 579 1047 hiemem
599 1014 723 1047 sensit
744 1012 962 1057 Neptunus,
986 1020 1024 1047 et
1044 1014 1137 1049 imis
1315 1013 1384 1047 125

119 1073 273 1117 Stagna
291 1073 427 1108 refusa
447 1072 574 1117 vadis,
599 1075 776 1115 graviter
795 1085 1039 1118 commotus,
1068 1081 1107 1109 et
1127 1076 1209 1109 alto

118 1133 379 1181 Prpspiciens,
404 1145 560 1168 summa
578 1133 782 1176 placidum
800 1141 918 1177 caput
946 1134 1092 1168 extulit
1111 1135 1230 1170 unda.

119 1194 335 1238 Desjectam
353 1195 507 1229 Aeneae
527 1199 612 1229 toto
630 1194 738 1230 videt
757 1207 922 1239 aequore
939 1195 1117 1239 classem,

118 1255 324 1291 Fluctibus
344 1267 551 1299 oppressos
565 1250 693 1291 'Troas
712 1256 884 1300 caelique
901 1258 1032 1300 ruina,

118 1317 196 1352 Nec
214 1317 364 1353 latuere
382 1316 462 1351 doli
487 1317 655 1353 fratrem
671 1316 699 1353 J
700 1318 848 1353 unonis
864 1321 904 1352 et
920 1317 1014 1352 irae.
1316 1319 1384 1353 130

118 1378 269 1413 Eurum
286 1376 338 1413 ad
356 1389 397 1413 se
416 1376 717 1422 Zephyrumque
735 1384 865 1422 vocat,
891 1377 1033 1414 dehinc
1051 1380 1153 1414 talia
1173 1381 1282 1415 fatur
1300 1393 1307 1414 t

125 1440 325 1474 ‘Tantane
343 1451 415 1474 vos
434 1442 588 1482 generis
608 1442 736 1475 tenuit
756 1440 904 1475 fiducia
922 1441 1076 1476 vestri?

117 1500 144 1536 J
147 1513 211 1536 am
229 1501 382 1536 caelum
402 1496 622 1544 terramque
641 1512 726 1536 meo
745 1503 831 1536 sine
849 1503 1021 1544 numine,
1047 1501 1179 1545 Venti,

117 1562 290 1604 Miscere,
315 1569 353 1597 et
373 1567 511 1597 tantas
532 1562 688 1597 audetis
707 1563 845 1598 tollere
865 1563 1019 1599 moles?

118 1623 224 1667 Quos
241 1623 440 1667 ego—Sed
458 1630 588 1659 motos
608 1630 785 1667 praestat
812 1635 1042 1668 componere
1058 1622 1216 1661 fluctus.
1314 1625 1384 1659 135

117 1685 214 1720 Post
233 1684 332 1720 mihi
351 1697 431 1730 non
451 1685 573 1720 simili
592 1697 716 1728 poena
735 1687 947 1722 commissa
967 1684 1127 1721 luetis.
1163 1706 1166 1707 ν
1274 1690 1287 1693 ”
1311 1684 1315 1685 ’
1365 1694 1371 1695 ’

93 1775 98 1782 .
118 1746 320 1782 Maturate
337 1746 487 1789 fugam,
513 1748 671 1791 regique
690 1747 787 1782 haec
806 1746 924 1782 dicite
941 1752 1073 1783 vestro
1090 1759 1098 1782 ε

117 1808 204 1843 Non
224 1808 285 1843 illi
303 1810 511 1852 imperium
530 1808 660 1852 pelagi
680 1820 917 1852 saevumque
935 1808 1158 1851 tridentem,

118 1869 191 1904 Sed
209 1868 309 1904 mihi
328 1875 435 1904 sorte
452 1868 604 1903 datum.
658 1868 778 1904 Tenet
797 1869 865 1903 ille
882 1870 1075 1903 immania
1093 1881 1203 1909 saxa,

119 1929 292 1973 Vestras,
317 1930 432 1974 Eure,
456 1929 617 1974 domos;
649 1930 720 1965 illa
741 1942 780 1966 se
799 1929 920 1973 jactet
939 1931 981 1964 in
1000 1930 1093 1965 aula
1191 1947 1207 1967 ,».
1314 1931 1384 1965 140

119 1980 275 2035 Aeolus,
298 2000 336 2026 et
355 1993 493 2027 clauso
512 1998 723 2027 ventorum
743 2003 898 2026 carcere
917 1992 1081 2036 regnet.’

168 2052 231 2088 Sic
249 2053 321 2096 ait,
342 2058 380 2087 et
400 2040 507 2087 di'oto
526 2045 646 2087 citius
666 2051 820 2087 tumida
847 2063 1015 2096 aequora
1033 2052 1179 2096 placat,

119 2112 390 2157 collectasque
408 2113 522 2156 fugat
542 2113 675 2155 nubes,
701 2113 897 2157 solemque
915 2112 1079 2147 reducit.

119 2174 340 2217 Cymothoe
359 2175 479 2211 simul
497 2180 534 2210 et
554 2175 693 2209 Triton
712 2175 883 2210 adnixus
902 2182 1019 2210 acuto

73 2239 81 2243 '
99 2242 102 2246 '
119 2235 342 2272 Detrudunt
361 2248 484 2272 naves
506 2236 666 2280 scop'ulo
682 2248 690 2282 ;
720 2236 826 2272 levat
846 2238 928 2280 ipse
947 2236 1124 2282 tridenti,
1313 2235 1385 2271 145

120 2296 172 2331 Et
188 2293 328 2333 vastas
346 2298 474 2340 aperit
493 2300 633 2339 syrtes,
656 2303 695 2331 et
714 2302 909 2340 temperat
929 2308 1081 2340 aequor,

645 2409 679 2423 ,υ
686 2413 701 2425 ,ι
