1669 2631
755 232 781 243 &2

230 262 280 298 28
609 267 942 294 MATmcULA'rION
974 263 1106 291 LArm.

231 352 402 394 Tergora
421 352 624 396 deripiunt
643 355 765 389 costis
783 361 820 388 et
839 355 994 389 viscera
1012 352 1166 388 nudant
1183 366 1190 398 ;

231 414 359 448 Par's
349 426 391 448 in
410 414 542 449 frusta
563 423 701 449 secant
720 414 955 464 veribusque
972 417 1185 450 trementia
1202 414 1358 459 figunt;

232 474 389 511 Litor¹e
385 479 486 510 aena
504 475 640 510 locant
660 476 744 519 alii,
767 475 1027 520 flammasque
1052 478 1299 530 ministrant.

231 535 330 570 Tum
351 538 460 570 victu
477 542 669 572 revocant
686 538 804 580 vires,
831 537 986 581 fusique
1005 550 1071 581 per
1090 537 1252 572 herbam
1297 558 1356 586 >oe

234 597 454 641 Implentur
473 600 620 634 veteris
637 590 789 633 BaeE‘hi
808 601 1044 643 pinguisque
1063 600 1225 634 ferinae.

232 660 450 703 Postquam
467 669 651 703 exempta
670 660 797 695 sames
815 661 943 704 epulis
962 673 1197 705 mensaeque
1214 669 1399 704 remotae,

234 722 416 756 Amissos
433 721 553 764 longo
573 722 702 756 socios
721 732 902 756 sermone
919 723 1138 765 requirunt,

234 783 422 827 Spemque
444 792 669 826 metumque
687 784 792 817 inter
811 782 933 826 dubii,
958 795 1026 819 5611
1044 784 1178 818 vivere
1195 783 1370 821 credant.

235 845 325 880 Sive
340 852 516 879 extrema
535 846 620 888 pati
638 856 708 879 nec
726 844 808 887 jam
826 845 1014 880 exaudire
1031 850 1206 880 vocatos.

234 907 448 949 Praecipue
466 907 554 949 pius
573 907 726 941 Aeneas
745 918 851 941 1111110
870 907 974 941 acris
994 906 1147 949 Oronti,

234 969 350 1003 Nunc
370 968 513 1009 Amyci
530 979 668 1002 casum
686 969 810 1010 gemit
828 973 867 1003 et
886 967 1063 1003 crudelia
1082 980 1214 1004 secum

235 1031 339 1065 Fata
357 1029 467 1072 Lyci,
492 1029 711 1072 fortemque
730 1029 860 1072 Gyan,
885 1029 1103 1073 fortemque
1121 1028 1378 1066 Cloanthum.

285 1091 337 1126 Et
356 1090 437 1135 jam
455 1090 547 1126 finis
565 1099 662 1133 erat,
688 1102 778 1125 cum
797 1090 984 1135 Juppiter
1004 1091 1161 1126 aethere
1187 1102 1344 1126 summo

237 1153 461 1195 Despiciens
473 1163 588 1199 mare
605 1151 820 1186 vehvolum
837 1156 1041 1196 terrasque
1057 1151 1232 1195 jacentes

237 1215 450 1258 Litoraque
465 1222 504 1250 et
522 1214 629 1250 latos
647 1214 824 1258 populos,
850 1215 907 1249 510
926 1216 1073 1249 vertice
1091 1213 1191 1249 caeli

239 1277 443 1318 Constitit,
466 1283 502 1311 et
522 1275 675 1318 Libyae
694 1275 831 1311 defixit
851 1275 1005 1311 lumina
1024 1277 1169 1319 regnis.

239 1340 367 1382 Atque
384 1338 498 1372 illum
518 1337 618 1373 tales
637 1337 857 1380 jactantem
876 1346 1029 1380 pectore
1047 1349 1165 1373 curas

238 1399 407 1433 Tristior
425 1406 463 1433 et
483 1398 661 1432 lacrimis
681 1397 815 1432 oculos
835 1398 986 1433 suffusa
1005 1400 1180 1433 nitentes

241 1460 468 1504 Alloquitur
488 1458 620 1493 Venus
639 1471 645 1493 :
683 1462 691 1478 ⁴
706 1458 737 1494 O
757 1461 823 1503 qui
841 1471 903 1495 res
919 1459 1201 1503 hominumque
1213 1457 1405 1501 deumque

241 1522 423 1556 Aeternis
441 1521 546 1562 regis
565 1521 754 1562 imperiis,
777 1526 816 1554 et
836 1520 1002 1555 fulmine
1019 1526 1154 1564 terres,

242 1582 343 1626 Quid
364 1594 473 1617 meus
492 1583 645 1615 Aeneas
665 1582 705 1614 in
725 1588 763 1616 te
782 1583 1031 1617 committere
1049 1589 1220 1625 tantum,

242 1643 343 1686 Quid
361 1643 480 1678 Troes
499 1650 670 1686 potuere,
694 1641 846 1685 quibus,
872 1648 933 1677 tot
952 1643 1093 1678 funera
1111 1644 1258 1687 passis,

242 1705 418 1741 Cunctus
437 1703 485 1738 ob
503 1703 667 1738 Italiam
687 1711 884 1738 terrarum
901 1704 1104 1739 clauditur
1122 1703 1259 1740 orbis?

242 1767 354 1802 Certe
373 1767 465 1800 hinc
481 1764 688 1799 Romanos
707 1764 811 1808 olim,
835 1765 1091 1801 volventibus
1109 1764 1239 1808 annis,

242 1828 347 1862 Hinc
368 1829 450 1863 fore
468 1827 663 1866 ductores,
688 1836 875 1862 revocato
895 1840 918 1862 a
938 1829 1133 1871 sanguine
1157 1828 1306 1870 Teucri,

242 1889 316 1934 Qui
336 1901 455 1934 mare,
477 1891 544 1933 qui
562 1895 691 1923 terras
710 1890 818 1923 omni
836 1888 990 1924 dicione
1008 1894 1199 1933 tenerent,

243 1952 472 1986 Pollicitus:
503 1961 602 1994 quae
619 1957 666 1992 te⁷
691 1952 857 1993 genitor,
883 1948 1250 1986 sententia‘vertit?

243 2013 329 2047 Hoc
346 2012 525 2056 equidem
544 2008 728 2045 occasum
747 2012 887 2055 Troiae
906 2012 1122 2056 tristesque
1138 2008 1276 2047 ruinas

243 2074 419 2117 Solabar,
444 2075 541 2108 fatis
560 2075 764 2108 contraria
783 2074 870 2108 fata
888 2073 1105 2118 rependens
1122 2085 1131 2119 ;

215 2161 224 2167 .
244 2135 358 2169 Nunc
376 2134 512 2169 eadem
530 2134 694 2168 fortuna
713 2136 822 2169 viros
841 2141 901 2169 tot
922 2134 1081 2170 casibus
1099 2138 1212 2169 actos

221 2244 228 2246 -
245 2196 485 2240 Insequitur.
540 2194 663 2238 Quem
683 2195 758 2238 das,
774 2196 902 2239 finem,
926 2209 994 2232 rex
1012 2208 1168 2241 magne,
1190 2193 1401 2230 laborum?

247 2259 425 2293 Antenor
444 2258 585 2301 potuit,
610 2256 750 2293 mediis
768 2258 926 2301 elapsus
945 2257 1126 2299 Achivis,

1431 595 1518 649 2151

1431 906 1453 940 ¹0

1457 906 1479 940 [θ

1482 905 1505 939 0

1434 1212 1507 1247 225

1436 1517 1510 1553 230

1439 1825 1511 1860 235

1439 2132 1512 2167 240
