1669 2631
605 301 807 326 AENEIDos
839 300 914 325 Lm.
948 298 973 324 1.
1371 285 1421 321 35

154 385 353 431 Ignavum
370 387 482 423 fucos
499 399 618 431 pecus
637 400 660 423 a
682 385 962 434 praesaepibus
979 392 1138 426 arcent:
1344 386 1419 421 435

154 448 297 483 Fervet
314 460 426 492 opus,
447 448 698 493 redolentque
715 449 856 492 thymo
874 449 1101 492 fragrantia
1120 448 1283 490 mella*⁵
1322 453 1387 495 g,

161 514 169 529 ‘
184 509 216 545 Ο
234 509 442 553 fortunati,
466 521 633 553 quorum
651 509 732 554 jam
750 511 905 545 moenia
923 516 1091 553 surgunt
1107 509 1114 544 1
1131 510 1139 526 ’

154 570 308 606 Aeneas
327 572 396 614 ait⁷
419 575 458 606 et
477 571 644 615 fastigia
662 573 829 615 suspicit
848 570 969 607 urbis.

154 632 282 668 Infert
301 644 342 668 se
361 641 521 676 saeptus
539 633 694 677 nebula,
718 633 900 669 mirabile
917 633 1038 676 dictu,

156 693 230 729 Per
246 693 407 735 medios,
431 695 646 738 miscetque
663 696 774 738 viris,
800 706 921 739 neque
939 696 1114 730 cernitur
1132 694 1218 730 ulli.
1350 694 1420 729 440
1452 728 1462 731 -

202 755 335 791 Lucus
353 757 395 789 in
413 755 508 790 urbe
525 755 602 790 fuit
621 756 762 798 media,
786 756 1031 791 laetissimus
1048 755 1221 799 umbrae,

155 815 240 860 Quo
256 818 428 860 primum
446 816 590 860 jactati
607 816 727 853 undis
744 822 784 852 et
802 816 960 851 turbine
978 816 1100 852 Poeni

153 877 332 929 Effodege
348 877 435 912 loco
455 879 624 921 signum7
649 878 751 922 quod
770 880 880 921 reg-ia
899 877 1007 913 Juno

153 939 411 983 Monstrarat‚
435 947 554 983 caput
574 941 679 975 acris
696 941 784 984 equi
803 953 809 985 3
841 941 898 975 sic
916 951 1010 974 nam
1029 939 1112 974 fore
1129 939 1232 975 bello
1254 971 1260 977 .

153 1000 366 1044 Egregiam
383 1006 421 1036 et
441 1001 598 1035 facilem
616 1002 727 1036 victu
745 1013 812 1044 per
830 1001 988 1037 saecula
1007 1006 1174 1044 gentem.
1347 1001 1421 1036 445

154 1061 232 1096 Hic
250 1062 441 1106 templum
460 1061 775 1109 Junonifingens
794 1062 957 1098 Sidonia
976 1062 1078 1097 Dido

155 1122 370 1167 Condebat,
393 1108 508 1158 <lonis
527 1123 757 1166 opulentum
774 1131 813 1158 et
833 1125 994 1158 numine
1013 1122 1139 1166 divae,

154 1185 279 1220 Aerea
296 1186 361 1219 cui
378 1184 569 1232 gradibus
589 1185 805 1228 surgebant
826 1185 976 1220 limina.
1000 1196 1196 1228 nexaeque

155 1246 254 1281 Aere
269 1245 417 1289 trabes,
437 1237 590 1281 foribus
609 1246 728 1281 cardo
747 1246 942 1282 stridebat
962 1248 1083 1282 aenis.

154 1307 242 1342 Hoc
259 1309 432 1352 primum
450 1309 492 1342 in
510 1307 599 1342 luco
618 1319 725 1343 nova
742 1320 804 1343 res
822 1308 958 1343 oblata
975 1309 1157 1342 timorem
1348 1306 1422 1341 450

154 1369 298 1413 Leniit,
321 1368 388 1403 hic
406 1369 578 1411 primum
595 1368 749 1404 Aeneas
769 1381 924 1413 sperare
941 1369 1111 1404 salutem

156 1430 301 1473 Ausus,
323 1434 362 1464 et
381 1427 541 1465 afflictis
559 1429 700 1465 melius
719 1429 913 1465 confidere
929 1429 1057 1464 rebus.

155 1491 333 1535 Namque
350 1490 424 1526 sub
442 1491 597 1534 ingenti
615 1491 764 1526 lustrat
784 1490 879 1525 dum
898 1490 1058 1534 singula
1077 1490 1235 1534 templo,

155 1551 353 1594 Reginam
371 1552 586 1595 opperiens,
609 1550 713 1595 dum,
737 1563 836 1595 quae
854 1552 1087 1599 fortunasit
1105 1550 1208 1596 urbi,

156 1613 441 1657 Artificumque
457 1625 600 1649 manus
620 1615 722 1648 inter
741 1625 781 1648 se
800 1625 1035 1658 operumque
1050 1612 1224 1649 laborem
1349 1612 1423 1647 455

157 1675 341 1718 Miratur,
364 1674 473 1709 videt
501 1674 648 1710 Iliacas
665 1686 712 1710 ex
731 1674 868 1710 ordine
886 1687 1052 1719 pugnas.

156 1736 342 1780 Bellaque
359 1735 440 1779 jam
460 1735 569 1770 fama
589 1741 721 1770 totum
739 1736 907 1779 vulgata
925 1747 992 1779 per
1009 1735 1153 1778 orbem,

157 1797 332 1839 Atridas,
356 1796 647 1841 Priamumque,
671 1802 709 1831 et
729 1809 892 1832 saevum
912 1796 1102 1832 ambobus
1120 1796 1327 1831 Achillem.

157 1858 360 1898 Constitit,
393 1862 433 1893 et
466 1857 714 1893 lacrimans:
768 1857 888 1901 ‘Quis
914 1857 996 1902 jam
1022 1858 1163 1900 locus‚’
1191 1859 1330 1902 inquit,

312 1919 489 1961 ‘Achata

159 1980 267 2025 Quae
282 1981 392 2023 regio
409 1981 451 2015 in
470 1981 588 2015 terris
607 1982 735 2015 nostri
755 1991 832 2014 non
852 1980 966 2023 plena
986 1979 1134 2015 laboris
1148 1980 1166 2015 ⁶?
1351 1979 1423 2014 460

159 2043 220 2078 En
239 2042 424 2078 Priamus
439 2041 446 2076 !
476 2049 570 2077 sunt
589 2041 654 2076 hic
672 2043 793 2077 etiam
812 2053 884 2077 sua
902 2043 1078 2085 praemia
1094 2040 1204 2076 laudi
1222 2053 1230 2084 ;

160 2105 260 2140 Sunt
275 2103 465 2139 lacrimae
481 2114 624 2146 rerum,
647 2108 686 2138 et-
705 2111 876 2138 mentem
895 2103 1083 2137 mortalia
1100 2107 1287 2146 tangunt.

161 2165 275 2201 Solve
291 2169 421 2199 metus
439 2175 447 2206 ;
477 2164 576 2209 feret
594 2163 691 2198 haec
711 2163 886 2207 aliquam
904 2163 978 2198 tibi
997 2163 1106 2199 fama
1124 2164 1321 2199 salutem.'

161 2225 225 2262 Sic
242 2228 311 2265 ain,
335 2231 451 2269 atque
469 2227 648 2260 animum
667 2226 823 2269 pictura
842 2226 969 2268 pascit
986 2221 1110 2267 inani,

163 2287 291 2323 Multa
308 2298 478 2331 gemens,
501 2285 687 2330 largoque
705 2291 882 2322 umectat
899 2285 1061 2322 flumine
1077 2285 1247 2321 vultum.
1351 2283 1426 2321 465
1472 2309 1483 2314 κ
