1669 2631
579 293 781 318 AENEmos
813 293 888 318 ΜΒ.
923 293 947 317 1.
1345 280 1391 316 31

127 377 346 422 Explorare
365 389 498 421 novos,
529 390 627 422 quas
647 384 765 413 vento
789 379 999 414 accesserit
1025 389 1128 416 oras,

128 431 204 483 Q‘ui
224 431 394 481 teneant,
420 419 685 508 nahrffilffllta
705 434 1079 493 videt&hominesne
1098 437 1262 475 feraene.

129 500 323 544 Quaerere
341 502 563 544 constituit,
589 502 781 543 sociisque
799 506 940 535 exacta
960 500 1114 534 referre.

129 561 306 599 Classem
327 564 367 596 in
385 573 560 597 convexo
579 573 784 597 nemorum
804 562 877 597 sub
904 574 997 605 rupe
1014 568 1171 604 cavata,
1319 562 1391 595 310

128 622 348 659 Arboribus
367 623 545 658 clausam
564 625 712 657 circum
733 629 848 666 atque
866 622 1121 658 horrentibus
1139 622 1290 657 umbris

129 683 284 719 Occulit
301 696 309 727 3
341 685 421 727 ipse
438 695 517 718 uno
536 683 722 726 graditur
740 685 957 718 comitatus
975 682 1142 725 Achate,

127 745 230 780 Bina
249 757 373 779 manu
391 745 475 779 lato
495 747 675 788 crispans
697 745 862 780 hastilia
882 745 996 780 ferro.

129 806 204 842 Cui
223 813 350 841 mater
369 805 497 840 media
517 817 599 841 sese
618 806 713 840 tulit
733 805 850 840 obvia
878 806 992 848 silva,

128 867 309 910 Virginis
327 879 371 902 os
389 867 648 911 habitumque
666 879 805 911 gerens
822 874 860 902 et
881 868 1050 910 Virginis
1069 878 1180 901 arma
1321 866 1394 900 315

129 929 361 972 Spartanae,
384 928 447 964 vel
464 928 593 972 qualis
611 940 729 972 equos
747 928 933 965 Threissa
953 929 1101 971 fatigat

126 989 364 1034 Harpalyce,
385 989 657 1033 volucremque
677 989 773 1032 fuga
794 992 1058 1033 praevertitur
1076 988 1267 1024 Hebrum.

127 1052 306 1097 Namque
324 1052 473 1087 umeris
492 1051 539 1086 de
563 1062 669 1086 more
689 1051 860 1086 habilem
881 1050 1139 1094 suspenderat
1159 1062 1293 1085 arcum

130 1114 330 1166 Venatrix,
355 1113 592 1163 dederatque
610 1115 764 1148 cernam
783 1113 1002 1148 diffundere
1019 1114 1161 1155 ventis,

126 1175 245 1212 Nuda
263 1187 377 1233 genu,
401 1174 580 1219 nodoque
598 1176 714 1210 sinus
731 1175 896 1210 collecta
914 1174 1091 1210 fluentes.
1320 1174 1392 1209 390

127 1238 184 1272 Ac
198 1239 314 1281 prior,
340 1235 498 1284 ‘Heus‚‚'
514 1238 652 1280 inquit,
684 1235 881 1280 ‘juvenes,
904 1242 1137 1279 monstrate,
1159 1247 1333 1270 mearum
1354 1256 1383 1274 x,

128 1298 298 1334 Vidistis
316 1300 350 1333 si
368 1288 487 1342 qaam
507 1298 571 1332 hic
589 1305 789 1333 errantem
809 1298 912 1332 sorte
931 1309 1120 1339 sororum,

128 1361 383 1397 Succinctam
404 1360 591 1403 pharetra
609 1365 647 1395 et
666 1359 892 1395 maculosae
911 1361 1083 1402 tegmine
1100 1359 1241 1402 lyncis,

127 1419 211 1454 Aut
228 1420 453 1462 spumantis
471 1419 557 1462 apri
577 1430 735 1454 cursum
755 1418 924 1453 clamore
941 1418 1212 1461 prementem.’

129 1480 192 1515 Sic
211 1478 367 1524 Venus;
396 1484 435 1515 et
455 1478 619 1514 Veneris
638 1485 776 1513 contra
797 1481 853 1514 sic
872 1478 978 1514 filius
997 1490 1111 1514 orsus
1127 1490 1133 1512 :
1321 1477 1395 1513 325

134 1547 142 1561 ⁶
155 1540 276 1576 Nulla
294 1546 454 1575 tuarum
473 1539 611 1575 audita
631 1541 729 1590 mihi
749 1552 869 1584 neque
887 1542 975 1575 visa
992 1551 1182 1584 sororum,

128 1602 329 1646 O—quam
344 1607 383 1636 te
400 1613 613 1637 memorem
632 1602 775 1645 virgo?
804 1614 971 1645 namque
985 1601 1091 1636 haud
1107 1601 1181 1636 tibi
1195 1601 1329 1637 vultus

128 1663 325 1706 Mortalis,
350 1673 420 1698 nec
438 1674 517 1697 vox
536 1663 735 1710 homine-m
756 1671 872 1698 sonat
888 1675 894 1697 z
926 1663 958 1698 O
977 1663 1049 1697 dea
1068 1668 1191 1706 certe,

129 1726 193 1760 An
210 1724 360 1760 Phoebi
379 1724 519 1760 soror?
547 1737 598 1758 an
618 1724 896 1768 Nympharum
916 1726 1126 1764 sanguinis
1144 1725 1254 1759 una?

130 1786 192 1822 Sis
210 1786 318 1828 felix,
342 1793 600 1829 nostrumque
618 1785 732 1829 leves,
757 1797 1032 1830 quaecumque,
1057 1786 1242 1827 laborem,
1322 1784 1394 1820 330

129 1847 183 1883 Et,
199 1859 276 1891 quo
294 1846 367 1883 sub
386 1846 495 1881 caelo
514 1845 685 1891 tandem,
710 1846 852 1890 quibus
871 1846 976 1881 orbis
996 1848 1034 1880 in
1055 1848 1134 1881 oris

130 1908 346 1952 Jaotemur,
371 1907 513 1943 doceas
530 1920 536 1952 ;
569 1909 702 1951 ignari
722 1908 1003 1951 hominumque
1020 1907 1269 1951 locorumque

130 1970 333 2012 Erramus,
357 1977 476 2005 vento
496 1970 572 2004 huc
592 1971 720 2005 vastis
738 1977 776 2005 et
795 1969 982 2005 fluctibus
1000 1971 1077 2005 acti
1095 1982 1101 2004 :

133 2027 262 2066 Multa
274 2029 350 2066 tibi
363 2035 456 2067 ante
469 2041 560 2065 aras
585 2036 724 2066 nostra
743 2030 855 2066 cadet
875 2031 1010 2066 hostia
1029 2031 1197 2066 dextra.'
1321 2030 1396 2066 334

179 2092 279 2127 'Dum
294 2091 427 2127 Venus
442 2104 449 2126 :
505 2091 647 2127 ‘Haud
660 2092 835 2141 equidem
854 2092 926 2126 tali
941 2104 1001 2127 ine
1015 2080 1156 2134 dignor
1174 2092 1322 2129 honore
1336 2104 1343 2137 ;

133 2150 364 2199 Virginibus
382 2151 514 2199 Tyriis
536 2163 621 2186 mos
639 2159 697 2186 est
718 2144 874 2193 gestare
891 2151 1132 2194 pharetram.

133 2212 409 2256 Purpureoque
427 2211 506 2247 alte
526 2222 641 2247 suras
660 2214 811 2247 vincire
829 2211 1036 2247 cothurno.

134 2273 286 2309 Punica
305 2284 426 2317 regna
444 2272 568 2317 vides,
592 2273 735 2318 Tyrios
753 2278 791 2310 et
811 2274 1005 2319 Agenoris
1019 2273 1159 2316 ,urbem
1174 2286 1202 2319 3,
