1669 2631
234 242 283 277 24
613 250 944 276 MATRIOULATION
977 250 1106 276 LATIN.

236 338 323 382 Qua
341 339 437 375 data
456 349 583 383 porta,
608 347 728 375 ruunt
746 348 783 375 et
804 346 931 376 terras
949 340 1107 375 turbine
1124 339 1305 384 perflant.

236 400 454 448 Incubuere
470 403 584 444 mari,
610 406 813 445 totumque
830 414 854 436 a
872 401 1031 437 sedibus
1049 397 1140 436 imis

236 462 328 497 Una
346 462 554 505 Eurusque
571 459 775 505 Notusque
792 467 916 498 ruunt
935 462 1140 506 creberque
1157 462 1338 506 procellis
1453 461 1501 496 85

237 522 409 562 Africus,
431 528 470 558 et
488 530 628 558 vastos
646 523 816 558 volvunt
834 523 885 558 ad
902 523 1024 558 litora
1041 522 1199 558 fluctus.

236 583 463 627 Insequitur
477 583 700 627 clamorque
711 573 852 619 *virum
870 583 1094 627 stridorque
1111 583 1336 618 rudentum.

237 645 425 687 Eripiunt
442 646 576 680 subito
594 645 718 680 nubes
735 646 964 688 caelumque
980 644 1157 688 diemque

235 706 474 740 Teucrorum
491 718 539 741 ex
558 707 684 742 oculis
702 719 711 752 3
739 714 864 750 ponto
882 719 962 740 nox
980 706 1142 755 incubat
1160 711 1261 742 atra.

236 763 445 802 Intonuere
461 767 553 820 poli,
577 774 616 802 et
633 762 783 803 cr'ebrTs
802 758 1268 810 micat'igniljUSJaether,
1453 767 1502 801 90

234 828 562 872 Praesentemque
579 831 679 865 viris
697 830 905 864 intentant
923 832 1059 864 omnia
1076 837 1255 864 mortem.

282 890 491 933 Extemplo
510 892 664 926 Aeneae
682 891 896 939 solvuntur
915 891 1063 934 frigore
1081 890 1256 926 membra
1273 863 1310 936 ;55

236 951 418 996 Ingemit,
441 958 480 987 et
498 951 675 995 duplices
693 951 859 988 tendens
878 951 928 987 ad
948 952 1079 987 sidera
1096 952 1250 996 palmas

233 1013 346 1048 Talia
363 1025 460 1048 voce
477 1014 595 1048 refert
609 1026 621 1049 ¹.
682 1016 689 1033 ⁴
705 1013 735 1048 O
755 1018 889 1057 terque
905 1021 1118 1057 quaterque
1134 1013 1250 1057 beati,

235 1073 332 1116 Quis
350 1080 443 1109 ante
460 1085 530 1109 ora
548 1084 710 1117 patrum
728 1074 869 1118 Trojae
887 1074 963 1110 sub
980 1074 1183 1109 moenibus
1201 1074 1308 1118 altis,
1424 1079 1431 1085 '
1453 1073 1500 1107 95

234 1135 415 1178 Contigit
433 1136 637 1179 oppetere!
668 1136 700 1171 Ο
720 1136 905 1171 Danaum
922 1136 1144 1171 fortissime
1169 1137 1300 1178 gentis

233 1196 405 1239 Tydide!
443 1196 555 1232 Mene
572 1197 709 1232 Iliacis
727 1197 958 1232 occumbere
973 1198 1126 1240 campis

233 1257 330 1293 Non*
340 1260 526 1301 potuisse,
550 1263 698 1302 tuaque
716 1260 895 1293 animam
913 1259 1018 1293 hanc
1035 1258 1233 1294 effundere
1259 1258 1409 1302 dextra,

235 1320 383 1355 Saevus
400 1319 469 1354 ubi
486 1319 682 1355 Aeacidae
699 1320 778 1354 telo
796 1319 901 1363 jacet
919 1319 1080 1363 Hector⁷
1104 1320 1170 1354 ubi
1191 1322 1333 1363 ingens

235 1380 449 1424 Sarpedon,
469 1380 537 1414 ubi
555 1385 615 1415 tot
635 1381 780 1416 Simois
797 1386 980 1424 correpta
998 1380 1072 1416 sub
1089 1380 1209 1416 undis
1429 1381 1499 1414 100

236 1443 355 1477 Scuta
373 1444 506 1477 virum
524 1442 736 1486 galeasque
751 1446 791 1477 et
810 1442 936 1477 fortia
953 1453 1120 1485 corpora
1137 1442 1266 1477 volvit
1280 1442 1296 1476 ἶ)
1310 1443 1318 1458 '

281 1504 395 1539 Talia
412 1503 587 1547 jactanti
604 1503 780 1539 stridens
798 1503 996 1548 Aquilone
1012 1503 1184 1548 procella
1284 1492 1308 1502 κ
1384 1499 1432 1520 ⁷⁵²⁷

236 1566 374 1601 Velum
393 1566 562 1602 adversa
581 1566 685 1610 ferit,
709 1565 933 1610 fluctusque
958 1565 1009 1602 ad
1028 1566 1158 1602 sidera
1175 1566 1296 1601 tollit.

235 1629 495 1672 Franguntur
513 1630 612 1664 remi
627 1641 636 1674 ;
666 1633 754 1663 tum
773 1641 892 1672 prora
910 1631 1070 1673 avertit,
1092 1634 1132 1664 et
1150 1628 1271 1665 undis

235 1689 313 1724 Dat
324 1690 432 1725 latus
449 1702 457 1735 ;
478 1691 699 1734 insequitur
713 1690 871 1725 cumulo
884 1694 1124 1734 praeruptus
1136 1702 1259 1734 aquae
1269 1702 1398 1725 mons.
1428 1689 1498 1724 105

234 1751 288 1785 Hi
306 1763 460 1786 summo
477 1753 519 1786 in
536 1750 662 1786 fluctu
680 1751 861 1795 pendent,
885 1750 951 1787 his
967 1751 1076 1786 unda
1094 1751 1300 1787 dehiscens

233 1813 395 1847 Terram
413 1815 516 1847 inter
532 1811 678 1848 fluctus
695 1814 847 1857 aperit3
877 1812 977 1848 furit
996 1817 1131 1849 aestus
1148 1812 1320 1848 harenis.
1341 1842 1373 1853 ,μ

233 1874 327 1909 Tres
344 1874 473 1909 Notus
492 1873 686 1922 abreptas
696 1875 738 1908 in
757 1886 857 1910 saxa
875 1874 1043 1909 latentia
1061 1874 1290 1918 torquet—'⁴⁸'

235 1935 339 1970 Saxa
357 1939 505 1970 vocant
523 1934 619 1969 Itali
638 1934 779 1971 mediis
798 1947 900 1979 quae
915 1937 958 1970 in
976 1934 1166 1972 fluctibus
1182 1935 1338 1970 Aras—

234 1996 403 2031 Dorsum
422 1997 598 2032 immane
616 1998 719 2031 mari
739 2009 917 2042 summo;
947 2003 1027 2032 tres
1045 1996 1178 2032 Eurus
1195 1996 1246 2032 ab
1264 1997 1346 2031 alto
1429 1997 1499 2031 110

234 2057 281 2091 In
300 2058 436 2093 brevia
453 2062 492 2092 et
512 2065 643 2100 syrtes
670 2066 825 2102 urguet,
849 2058 1077 2094 miserabile
1093 2060 1195 2102 visu,

235 2117 438 2162 Illiditque
454 2118 584 2161 vadis,
608 2125 724 2163 atque
742 2131 885 2162 aggere
902 2121 1029 2162 cingit
1048 2119 1233 2162 harenae.⁴

236 2179 382 2225 Unam,
405 2192 506 2223 quae
523 2179 670 2222 Lycios
687 2179 887 2224 fidumque
904 2179 1072 2215 vehebat
1090 2179 1278 2223 Oronten,

236 2239 369 2285 Ipsius
385 2248 480 2276 ante
495 2242 634 2277 oculos
650 2243 792 2284 ingens
809 2253 833 2276 a
850 2243 998 2276 vertice
1014 2244 1160 2284 pontus
